@misc{Ack19,
 author = {Ackerman, Marius},
 title = {{GoGLL}},
 year = 2019,
 howpublished = {\url{https://github.com/goccmack/gogll}},
 note = {accessed 24-Nov-2021}
}

@inproceedings{AHM16,
 author = {Adams, Michael D. and Hollenbeck, Celeste and Might, Matthew},
 title = {On the Complexity and Performance of Parsing with Derivatives},
 booktitle = {Proceedings of the 37th ACM SIGPLAN Conference on Programming Language Design and Implementation},
 series = {PLDI '16},
 year = {2016},
 isbn = {978-1-4503-4261-2},
 location = {Santa Barbara, CA, USA},
 pages = {224--236},
 numpages = {13},
 url = {http://doi.acm.org.proxy.lib.uwaterloo.ca/10.1145/2908080.2908128},
 doi = {10.1145/2908080.2908128},
 acmid = {2908128},
 publisher = {ACM},
 address = {New York, NY, USA},
 keywords = {Parsing, Parsing with derivatives, Performance},
}

@Inbook{BS08,
author={Becket, Ralph and Somogyi, Zoltan},
title={{DCG}s + Memoing = Packrat Parsing but Is It Worth It?},
bookTitle={Practical Aspects of Declarative Languages: 10th International Symposium, PADL 2008, San Francisco, CA, USA, January 7-8, 2008. Proceedings},
year="2008",
publisher="Springer Berlin Heidelberg",
address="Berlin, Heidelberg",
pages="182--196",
isbn="978-3-540-77442-6",
doi="10.1007/978-3-540-77442-6_13",
url="http://dx.doi.org/10.1007/978-3-540-77442-6_13"
}

@inproceedings{BRO16,
 author = {Brachth\"{a}user, Jonathan Immanuel and Rendel, Tillmann and Ostermann, Klaus},
 title = {Parsing with First-class Derivatives},
 booktitle = {Proceedings of the 2016 ACM SIGPLAN International Conference on Object-Oriented Programming, Systems, Languages, and Applications},
 series = {OOPSLA 2016},
 year = {2016},
 isbn = {978-1-4503-4444-9},
 location = {Amsterdam, Netherlands},
 pages = {588--606},
 numpages = {19},
 url = {http://doi.acm.org.proxy.lib.uwaterloo.ca/10.1145/2983990.2984026},
 doi = {10.1145/2983990.2984026},
 acmid = {2984026},
 publisher = {ACM},
 address = {New York, NY, USA},
 keywords = {Derivative, Left Quotient, Modularity, Parser Combinators, Parsing},
}

@inproceedings{Dan10,
 author = {Danielsson, Nils Anders},
 title = {Total Parser Combinators},
 booktitle = {Proceedings of the 15th ACM SIGPLAN International Conference on Functional Programming},
 series = {ICFP '10},
 year = {2010},
 isbn = {978-1-60558-794-3},
 location = {Baltimore, Maryland, USA},
 pages = {285--296},
 numpages = {12},
 url = {http://doi.acm.org.proxy.lib.uwaterloo.ca/10.1145/1863543.1863585},
 doi = {10.1145/1863543.1863585},
 acmid = {1863585},
 publisher = {ACM},
 address = {New York, NY, USA},
 keywords = {dependent types, mixed induction and coinduction, parser combinators, productivity, termination},
}

@inproceedings{HR17,
 author = {Henglein, Fritz and Rasmussen, Ulrik Terp},
 title = {PEG Parsing in Less Space Using Progressive Tabling and Dynamic Analysis},
 booktitle = {Proceedings of the 2017 ACM SIGPLAN Workshop on Partial Evaluation and Program Manipulation},
 series = {PEPM 2017},
 year = {2017},
 isbn = {978-1-4503-4721-1},
 location = {Paris, France},
 pages = {35--46},
 numpages = {12},
 url = {http://doi.acm.org.proxy.lib.uwaterloo.ca/10.1145/3018882.3018889},
 doi = {10.1145/3018882.3018889},
 acmid = {3018889},
 publisher = {ACM},
 address = {New York, NY, USA},
 keywords = {Packrat, Parsing expression grammars, context-free grammars, regular expressions, streaming parsing},
}

@article{Kur15,
  title={Packrat Parsing with Elastic Sliding Window},
  author={Kimio Kuramitsu},
  journal={Journal of Information Processing},
  volume={23},
  number={4},
  pages={505-512},
  year={2015},
  doi={10.2197/ipsjjip.23.505}
}

@article{Kur16,
  author = {Kuramitsu, Kimio},
 title = {Nez: Practical Open Grammar Language},
 booktitle = {Proceedings of the 2016 ACM International Symposium on New Ideas, New Paradigms, and Reflections on Programming and Software},
 series = {Onward! 2016},
 year = {2016},
 isbn = {978-1-4503-4076-2},
 location = {Amsterdam, Netherlands},
 pages = {29--42},
 numpages = {14},
 url = {http://doi.acm.org.proxy.lib.uwaterloo.ca/10.1145/2986012.2986019},
 doi = {10.1145/2986012.2986019},
 acmid = {2986019},
 publisher = {ACM},
 address = {New York, NY, USA},
 keywords = {Parsing expression grammars, and grammar specification language, context-sensitive grammars, parser generators}
}

@inproceedings{LM15,
 author = {Laurent, Nicolas and Mens, Kim},
 title = {Parsing Expression Grammars Made Practical},
 booktitle = {Proceedings of the 2015 ACM SIGPLAN International Conference on Software Language Engineering},
 series = {SLE 2015},
 year = {2015},
 isbn = {978-1-4503-3686-4},
 location = {Pittsburgh, PA, USA},
 pages = {167--172},
 numpages = {6},
 url = {http://doi.acm.org.proxy.lib.uwaterloo.ca/10.1145/2814251.2814265},
 doi = {10.1145/2814251.2814265},
 acmid = {2814265},
 publisher = {ACM},
 address = {New York, NY, USA},
 keywords = {associativity, left-recursion, parsing, parsing expression grammar, precedence},
}

@inproceedings{MI08,
 author = {Medeiros, S{\'e}rgio and Ierusalimschy, Roberto},
 title = {A Parsing Machine for {PEG}s},
 booktitle = {Proceedings of the 2008 Symposium on Dynamic Languages},
 series = {DLS '08},
 year = {2008},
 isbn = {978-1-60558-270-2},
 location = {Paphos, Cyprus},
 pages = {2:1--2:12},
 articleno = {2},
 numpages = {12},
 url = {http://doi.acm.org.proxy.lib.uwaterloo.ca/10.1145/1408681.1408683},
 doi = {10.1145/1408681.1408683},
 acmid = {1408683},
 publisher = {ACM},
 address = {New York, NY, USA},
 keywords = {operational semantics, parsing expression grammars, parsing machine, pattern matching, scripting languages},
}

@article{MMI14left,
  title={Left recursion in parsing expression grammars},
  author={Medeiros, S{\'e}rgio and Mascarenhas, Fabio and Ierusalimschy, Roberto},
  journal={Science of Computer Programming},
  year={2014},
  publisher={Elsevier}
}

@article{MMI14regexes,
  title={From regexes to parsing expression grammars},
  author={Medeiros, S{\'e}rgio and Mascarenhas, Fabio and Ierusalimschy, Roberto},
  journal={Science of Computer Programming},
  volume={93},
  pages={3--18},
  year={2014},
  publisher={Elsevier}
}

@inproceedings{MMY10,
 author = {Mizushima, Kota and Maeda, Atusi and Yamaguchi, Yoshinori},
 title = {Packrat Parsers Can Handle Practical Grammars in Mostly Constant Space},
 booktitle = {Proceedings of the 9th ACM SIGPLAN-SIGSOFT Workshop on Program Analysis for Software Tools and Engineering},
 series = {PASTE '10},
 year = {2010},
 isbn = {978-1-4503-0082-7},
 location = {Toronto, Ontario, Canada},
 pages = {29--36},
 numpages = {8},
 url = {http://doi.acm.org.proxy.lib.uwaterloo.ca/10.1145/1806672.1806679},
 doi = {10.1145/1806672.1806679},
 acmid = {1806679},
 publisher = {ACM},
 address = {New York, NY, USA},
 keywords = {backtracking, cut operators, memoization, packrat parsing, parser generator, parsing expression grammars},
}

@article{ORT09,
  title={Regular-expression derivatives re-examined},
  author={Owens, Scott and Reppy, John and Turon, Aaron},
  journal={Journal of Functional Programming},
  volume={19},
  number={02},
  pages={173--190},
  year={2009},
  publisher={Cambridge Univ Press}
}

@article{Red07,
  title={Parsing expression grammar as a primitive recursive-descent parser with backtracking},
  author={Redziejowski, Roman R},
  journal={Fundamenta Informaticae},
  volume={79},
  number={3-4},
  pages={513--524},
  year={2007},
  publisher={IOS Press}
}

@article{Red08,
  title={Some aspects of parsing expression grammar},
  author={Redziejowski, Roman R},
  journal={Fundamenta Informaticae},
  volume={85},
  number={1-4},
  pages={441--451},
  year={2008},
  publisher={IOS Press}
}

@article{Red16,
  title={Cut points in PEG},
  author={Redziejowski, Roman R},
  journal={Fundamenta Informaticae},
  volume={143},
  number={1-2},
  pages={141--149},
  year={2016},
  publisher={IOS Press}
}

@article{SJ06,
 author = {Scott, Elizabeth and Johnstone, Adrian},
 title = {Right Nulled GLR Parsers},
 journal = {ACM Trans. Program. Lang. Syst.},
 issue_date = {July 2006},
 volume = {28},
 number = {4},
 month = jul,
 year = {2006},
 issn = {0164-0925},
 pages = {577--618},
 numpages = {42},
 url = {http://doi.acm.org.proxy.lib.uwaterloo.ca/10.1145/1146809.1146810},
 doi = {10.1145/1146809.1146810},
 acmid = {1146810},
 publisher = {ACM},
 address = {New York, NY, USA},
 keywords = {General context-free grammars, generalized LR parsing}
}

@article{SJ10,
  title={GLL parsing},
  author={Scott, Elizabeth and Johnstone, Adrian},
  journal={Electronic Notes in Theoretical Computer Science},
  volume={253},
  number={7},
  pages={177--189},
  year={2010},
  publisher={Elsevier}
}

@article{SJ16,
  title={Structuring the GLL parsing algorithm for performance},
  author={Scott, Elizabeth and Johnstone, Adrian},
  journal={Science of Computer Programming},
  volume={125},
  pages={1--22},
  year={2016},
  publisher={Elsevier}
}
